<collection xmlns="http://www.loc.gov/MARC21/slim"><record><leader>01197nmm  2200289   450</leader><controlfield tag="001">609</controlfield><controlfield tag="003">http://montalegre.opacnet.com/OPAC/default.aspx?ContentAreaControl=ShowRegHoldings.ascx&amp;RegNo=16662</controlfield><datafield tag="010" ind1=" " ind2=" "><subfield code="a">972-0-64211-4</subfield></datafield><datafield tag="021" ind1=" " ind2=" "><subfield code="a">PT</subfield><subfield code="b">190184/03</subfield></datafield><datafield tag="100" ind1=" " ind2=" "><subfield code="a">20030709d2003    e  y0pory0103    ba</subfield></datafield><datafield tag="101" ind1="0" ind2=" "><subfield code="a">por</subfield></datafield><datafield tag="102" ind1=" " ind2=" "><subfield code="a">PT</subfield></datafield><datafield tag="106" ind1=" " ind2=" "><subfield code="a">i</subfield></datafield><datafield tag="200" ind1="1" ind2=" "><subfield code="a">Matemática</subfield><subfield code="b">CD-ROM</subfield><subfield code="e">11" ano</subfield><subfield code="f">Maria Augusta Ferreira Neves, Conceição Valente, Mário Ferreira</subfield><subfield code="g">[ed.] Porto Editora Multimédia</subfield></datafield><datafield tag="205" ind1=" " ind2=" "><subfield code="a">[2ª ed.]</subfield></datafield><datafield tag="210" ind1=" " ind2=" "><subfield code="a">Porto</subfield><subfield code="c">P.E.M.</subfield><subfield code="d">[D.L. 2003]</subfield></datafield><datafield tag="215" ind1=" " ind2=" "><subfield code="a">1CD-ROM</subfield><subfield code="d">24 cm</subfield></datafield><datafield tag="225" ind1="2" ind2=" "><subfield code="a">Multimédia educativo</subfield></datafield><datafield tag="230" ind1=" " ind2=" "><subfield code="a">Dados</subfield></datafield><datafield tag="304" ind1=" " ind2=" "><subfield code="a">Tít. retirado da etiqueta</subfield></datafield><datafield tag="337" ind1=" " ind2=" "><subfield code="a">Requisitos do sistema : Processador Pentium 166 MHz ; 32 MB de memória RAM ; Windows 98, 2000, Me, XP ; leitor de CD-ROM 4x ; 40 MB de espaço livre no disco rígido ; placa de som 16 bit ; placa gráfica SVGA (milhares de cores a 800x600).</subfield></datafield><datafield tag="675" ind1=" " ind2=" "><subfield code="a">51(075)(0.034)</subfield><subfield code="3">803949</subfield></datafield><datafield tag="675" ind1=" " ind2=" "><subfield code="a">373.5(469)</subfield><subfield code="v">BN</subfield><subfield code="z">por</subfield><subfield code="3">603947</subfield></datafield><datafield tag="700" ind1=" " ind2="1"><subfield code="a">Neves</subfield><subfield code="b">M. Augusta Ferreira</subfield><subfield code="f">1950-</subfield><subfield code="3">27214</subfield></datafield><datafield tag="701" ind1=" " ind2="1"><subfield code="a">Valente</subfield><subfield code="b">Conceição</subfield><subfield code="4">070</subfield><subfield code="3">219216</subfield></datafield><datafield tag="701" ind1=" " ind2="1"><subfield code="9">4</subfield><subfield code="a">Ferreira</subfield><subfield code="b">Mário</subfield><subfield code="4">070</subfield><subfield code="3">919599</subfield></datafield><datafield tag="801" ind1=" " ind2="0"><subfield code="a">PT</subfield><subfield code="b">Biblioteca Municipal de Montalegre</subfield><subfield code="g">RPC</subfield></datafield><datafield tag="856" ind1=" " ind2=" "><subfield code="u">locateMedia.asp?cod=20060522155817&amp;ext=jpg</subfield><subfield code="z">CAPA</subfield></datafield><datafield tag="909" ind1="&#9;" ind2=" "><subfield code="a">0</subfield></datafield></record></collection>